<record><leader>00000cas a22000007a 4500</leader><controlfield tag="001">16403670</controlfield><controlfield tag="008">870807d19471948inuwr ne      0    0eng d</controlfield><datafield ind1=" " ind2=" " tag="010"><subfield code="a">sn 87056550 </subfield></datafield><datafield ind1=" " ind2=" " tag="040"><subfield code="a">NPI</subfield><subfield code="b">eng</subfield><subfield code="c">NPI</subfield><subfield code="d">OCLCQ</subfield></datafield><datafield ind1=" " ind2=" " tag="042"><subfield code="a">msc</subfield></datafield><datafield ind1="0" ind2=" " tag="130"><subfield code="a">Marion County messenger (Indianapolis, Ind. : 1947)</subfield></datafield><datafield ind1="1" ind2="4" tag="245"><subfield code="a">The Marion County messenger.</subfield></datafield><datafield ind1=" " ind2=" " tag="260"><subfield code="a">Indianapolis, Ind. :</subfield><subfield code="b">Toney E. Flack,</subfield><subfield code="c">1947-1948.</subfield></datafield><datafield ind1=" " ind2=" " tag="310"><subfield code="a">Weekly</subfield></datafield><datafield ind1="0" ind2=" " tag="362"><subfield code="a">Vol. 10 [i.e. 15], no. 32 (Apr. 11, 1947)-v. 16, no. 20 (Jan. 2, 1948).</subfield></datafield><datafield ind1=" " ind2=" " tag="515"><subfield code="a">Numbering does not follow earlier title.</subfield></datafield><datafield ind1=" " ind2=" " tag="515"><subfield code="a">Issue for Apr. 11, 1947 called v. 10, but constitutes v. 15.</subfield></datafield><datafield ind1=" " ind2=" " tag="752"><subfield code="a">United States</subfield><subfield code="b">Indiana</subfield><subfield code="c">Marion</subfield><subfield code="d">Indianapolis.</subfield></datafield><datafield ind1="0" ind2="0" tag="780"><subfield code="t">West Side messenger and Marion County messenger</subfield><subfield code="w">(DLC)sn 87056549</subfield></datafield><datafield ind1="0" ind2="0" tag="785"><subfield code="t">Messenger (Indianapolis, Ind.)</subfield><subfield code="w">(DLC)sn 87056552</subfield></datafield></record>